<record><leader>00000cas a22000007a 4500</leader><controlfield tag="001">11738216</controlfield><controlfield tag="008">850226d18721873wiuwr ne      0    0eng d</controlfield><datafield ind1=" " ind2=" " tag="010"><subfield code="a">sn 85033192 </subfield></datafield><datafield ind1=" " ind2=" " tag="040"><subfield code="a">NPU</subfield><subfield code="b">eng</subfield><subfield code="c">NPU</subfield><subfield code="d">NPV</subfield><subfield code="d">OCLCQ</subfield></datafield><datafield ind1=" " ind2=" " tag="042"><subfield code="a">msc</subfield></datafield><datafield ind1="0" ind2=" " tag="130"><subfield code="a">Liberal press (Monroe, Wis.)</subfield></datafield><datafield ind1="1" ind2="4" tag="245"><subfield code="a">The liberal press.</subfield></datafield><datafield ind1=" " ind2=" " tag="260"><subfield code="a">Monroe, Wis. :</subfield><subfield code="b">F.J. Mills</subfield></datafield><datafield ind1=" " ind2=" " tag="300"><subfield code="a">v. ;</subfield><subfield code="c">56 cm.</subfield></datafield><datafield ind1=" " ind2=" " tag="310"><subfield code="a">Weekly</subfield></datafield><datafield ind1="1" ind2=" " tag="362"><subfield code="a">Began in 1872; ceased in Sep. 1873.</subfield><subfield code="z">Cf. Gregory, W. Amer. newspapers.</subfield></datafield><datafield ind1=" " ind2=" " tag="588"><subfield code="a">Description based on: Vol. 1, no. 30 (Apr. 17, 1873).</subfield></datafield><datafield ind1=" " ind2=" " tag="752"><subfield code="a">United States</subfield><subfield code="b">Wisconsin</subfield><subfield code="c">Green</subfield><subfield code="d">Monroe.</subfield></datafield><datafield ind1="0" ind2="7" tag="785"><subfield code="t">Green County republican</subfield><subfield code="w">(DLC)sn 85033191</subfield><subfield code="w">(OCoLC)11738282</subfield></datafield><datafield ind1="0" ind2="7" tag="785"><subfield code="t">Green County republican and press</subfield><subfield code="w">(DLC)sn 86086778</subfield><subfield code="w">(OCoLC)14702446</subfield></datafield></record>